%
%
%
% 
%
% Joerg Baumgart
%
%
% ein paar Literatureintr\"age zum Thema Wissenschaftliches Arbeiten


@misc{DHBW:SG,
author = {{Duale Hochschule Baden-W\"urttemberg}},
title = {Corporate Design},
shorttitle = {Corporate Design},
year = {2009},
howpublished = {Moodle Kursraum 10SWMA -- Wiss.\ Arbeiten, DHBW Mannheim},
note = {\texttt{styleguide-DHBW\_CDM\_090610\_kap1-1.3.pdf}}
}

@book{KM:KS,
author = {Markus Kohm and Jens-Uwe Morawski},
title = {KOMA-Script: Eine Sammlung von Klassen und Paketen f\"ur \LaTeXe},
shorttitle = {KOMA-Script},
publisher = {Lehmanns Media},
address= {Berlin},
year = {2009},
edition = {3.},
isbn = {978-3-86541-291-1}
}


@book{Dud06,
editor = {Dudenredaktion},
title = {DUDEN -- Die deutsche Rechtschreibung},
shorttitle = {Duden},
publisher = {Bibliographisches Institut \& F.\ A.\ Brockhaus AG},
address= {Mannheim},
year = {2006},
edition = {24},
isbn = {978-3-411-04014-9}
}

@book{Dud09,
editor = {Dudenredaktion},
title = {DUDEN -- Die deutsche Rechtschreibung},
shorttitle = {Duden},
publisher = {Bibliographisches Institut \& F.\ A.\ Brockhaus AG},
address= {Mannheim},
year = {2009},
edition = {25},
isbn = {978-3-411-04015-5}
}


@book{Bri:WA,
author = {Alfred Brink},
title = {Anfertigung wissenschaftlicher Arbeiten -- Ein prozessorientierter Leitfaden zur 
Erstellung von Bachelor-, Master- und Diplomarbeiten in acht Lerneinheiten},
shorttitle = {Anfertigung wissenschaftlicher Arbeiten},
publisher = {Oldenbourg Verlag},
address= {M\"unchen Wien},
year = {2007},
edition = {3.},
isbn = {978-3-486-58512-4}
}

@book{RP:WA,
author = {Wolfram E. Rossig and Joachim Pr\"atsch},
title = {Wissenschaftliche Arbeiten -- Leitfaden f\"ur Haus- und Seminararbeiten, Bachelor- und Masterthesis, Diplom- und Magisterarbeiten, Dissertationen},
shorttitle = {Wissenschaftliches Arbeiten},
publisher = {TEAMDRUCK},
address= {Weyhe},
year = {2006},
edition = {6.},
note = {ISBN-10: 3-9810012-2-2}
}

@book{Sch:WAS,
author = {Joachim Schlosser},
title = {Wissenschaftliche Arbeiten schreiben mit \LaTeX{}: Leitfaden f\"ur Einsteiger},
shorttitle = {Wissenschaftliche Arbeiten mit \LaTeX{}},
publisher = {mitp},
address= {Heidelberg},
year = {2009},
edition = {3.},
isbn = {978-3-8266-5892-1}
}


@book{BSS:WA,
author = {Helmut Balzert and Christian Sch\"afer and Marion Schr\"oder and Uwe Kern},
title = {Wissenschaftliches Arbeiten: Wissenschaft, Quellen, Artefakte, Organisation, Pr\"asentation},
shorttitle = {Wissenschaftliches Arbeiten},
publisher = {W3L-Verlag},
address= {Herdecke, Witten},
year = {2008},
isbn = {978-3-937137-59-9}
}

@book{Kor:WA,
author = {Martin Kornmeier},
shorttitle = {Wissenschaftstheorie und wissenschaftliches Arbeiten},
title = {Wissenschaftstheorie und wissenschaftliches Arbeiten: Eine Einf\"uhrung f\"ur Wirtschaftswissenschaftler},
publisher = {Physica-Verlag},
address = {Heidelberg},
year = {2007},
isbn = {978-3-7908-1918-2}
}



@book{MK:GWA,
author = {Matthias Karmasin and Rainer Ribing},
title =  {Die Gestaltung wissenschaftlicher Arbeiten: Ein Leitfaden f\"ur Seminararbeiten, Bachelor-, Master- und Magisterarbeiten, Diplomarbeiten und Dissertationen},
shorttitle={Gestaltung wissenschaftlicher Arbeiten},
publisher = {UTB},
year = {2009},
edition = {4.},
isbn = {978-3-8252-2774-6}
}

@book{ADG:WA,
author = {Ulrich Andermann and Martin Drees and Frank Gr\"atz},
title = {Duden. Wie verfasst man wissenschaftliche Arbeiten? Ein Leitfaden f\"ur das Studium
und die Promotion},
shorttitle={Verfassen wissenschaftlicher Arbeiten},
publisher = {Dudenverlag},
year = {2006},
edition = {4.},
isbn = {978-3-411-05113-7}
}


@book{The:WA,
author = {Manuel Ren\'{e} Theisen},
title = {Wissenschaftliches Arbeiten: Technik -- Methodik -- Form},
shorttitle = {Wissenschaftliches Arbeiten},
publisher = {Vahlen},
year = {2009},
note = {Limitierte Jubil\"aumsausgabe},
isbn = {978-3-8006-3669-3}
}


@book{BA:WA,
author = {Axel B\"ansch and Dorothea Alewell},
title = {Wissenschaftliches Arbeiten},
shorttitle = {Wissenschaftliches Arbeiten},
publisher = {Oldenbourg Verlag},
address = {M\"unchen},
edition = {10.},
year = {2009},
isbn = {978-3-4865-9090-6}
}


@article{Dij:CRT,
author = {Dijkstra, E. W.},
title = {On the Cruelty of Really Teaching Computer Science},
shorttitle={Teaching Computer Science},
journal = {Communications of the ACM (CACM)},
year = {1989},
volume = {32},
number = {12},
pages = {1398-1404}
}

@article{BC:Cur,
author = {Bonsiepen, Lena and Coy, Wolfgang},
title = {Eine Curriculardebatte},
shorttitle={Curriculardebatte},
journal = {Informatik-Spektrum},
year = {1992},
volume = {15},
number = {6},
pages = {323-325}
}

@article{Par:ECP,
author = {Parnas, David Lorge},
title = {Education for Computer Professionals},
shorttitle={Education},
journal = {IEEE Computer},
year = {1990},
volume = {23},
number = {1},
pages = {17-22}
}

@article{Bro:SBE,
author = {Brooks, Frederick P.},
shorttitle={No Silver Bullet-Essence},
title = {No Silver Bullet-Essence and Accidents of Software Engineering},
journal = {IEEE Computer},
year = {1987},
volume = {20},
number = {4},
pages = {10-19}
}

@article{GI:ADI,
author = {{Gesellschaft f\"ur Informatik}},
title = {Ausbildung von Diplominformatikern an wissenschaftlichen Hochschulen -- 
         Empfehlungen der Gesellschaft f\"ur Informatik},
title = {Ausbildung Diplominformatikern},         
journal = {Informatik-Spektrum},
month = Jun,
year = {1985},
pages = {164-165}
}

@misc{GI:AZI,
author = {{Gesellschaft f\"ur Informatik}},
title = {Aufgaben und Ziele der Informatik},
shorttitle = {Aufgaben und Ziele der Informatik},
howpublished = {Arbeitspapier der Gesellschaft f\"ur Informatik},
month = Oct,
year = {1987},
note = {Bonn}
}

@article{Den:CD,
author = {{Denning et. al.}},
title = {Computing as a Disciplin},
shorttitle = {Computing as a Disciplin},
journal = {Communications of the ACM (CACM)},
month = Jan,
year = {1989},
pages = {9-23}
}

@book{LMS:Icb,
editor = {Langenheder, W. and M\"uller, G. and Schinzel, B.},
title = {Informatik -- cui bono?},
shorttitle = {Informatik -- cui bono?},
publisher = {Springer-Verlag},
year = {1992}
}

@inbook{Fre:SIF,
author = {Freytag, J.},
title = {Informatik als Schl\"ussel zur Qualifikation},
shorttitle = {Informatik als Schl\"ussel zur Qualifikation},
chapter = {Das Studium der Informatik an Fachhochschulen.},
publisher = {Springer-Verlag},
year = {1993},
pages = {59-63}
}

